<?xml version="1.0" encoding="UTF-8"?><collection xmlns="http://www.loc.gov/MARC21/slim"><record><leader>00518nam--2200181-i-4500</leader><controlfield tag="001">000028177</controlfield><controlfield tag="002">20161230</controlfield><controlfield tag="005">20161230201037</controlfield><controlfield tag="008">060222s1000------------r-----000-0-fre-d</controlfield><datafield ind1=" " ind2=" " tag="040"><subfield code="a">IFIN-HH</subfield></datafield><datafield ind1=" " ind2=" " tag="041"><subfield code="a">fre</subfield></datafield><datafield ind1=" " ind2=" " tag="080"><subfield code="a">539.124:539.126:539.17(043)</subfield></datafield><datafield ind1="1" ind2=" " tag="100"><subfield code="a">Layssac, Jacques</subfield></datafield><datafield ind1="1" ind2="0" tag="245"><subfield code="a">Etude des fonctions de structure du pion dans les regions temps et espace</subfield><subfield code="b">These</subfield><subfield code="c">Jacques layssac</subfield></datafield><datafield ind1=" " ind2=" " tag="260"><subfield code="a">Montpellier</subfield><subfield code="b">Universite</subfield><subfield code="c">1979</subfield></datafield><datafield ind1=" " ind2=" " tag="300"><subfield code="a">98P</subfield></datafield><datafield ind1=" " ind2=" " tag="852"><subfield code="a">48511</subfield><subfield code="c">539.12</subfield></datafield><datafield ind1=" " ind2=" " tag="CAT"><subfield code="a">Sys</subfield><subfield code="c">20111207</subfield><subfield code="h">131512</subfield></datafield></record></collection>